@article{zhang2003time,
  title={Time series forecasting using a hybrid ARIMA and neural network model},
  author={Zhang, G Peter},
  journal={Neurocomputing},
  volume={50},
  pages={159--175},
  year={2003},
  publisher={Elsevier}
}